@article{de2014muxviz,
  title={MuxViz: a tool for multilayer analysis and visualization of networks},
  author={De Domenico, Manlio and Porter, Mason A and Arenas, Alex},
  journal={arXiv preprint arXiv:1405.0843},
  year={2014}
}

@article{granell2013dynamical,
  title={Dynamical interplay between awareness and epidemic spreading in multiplex networks},
  author={Granell, Clara and G{\'o}mez, Sergio and Arenas, Alex},
  journal={Physical review letters},
  volume={111},
  number={12},
  pages={128701},
  year={2013},
  publisher={APS}
}

@book{foss2011introduction,
  title={An introduction to heavy-tailed and subexponential distributions},
  author={Foss, Sergey and Korshunov, Dmitry and Zachary, Stan and others},
  volume={6},
  year={2011},
  publisher={Springer}
}


@article{nicosia2013growing,
  title={Growing multiplex networks},
  author={Nicosia, Vincenzo and Bianconi, Ginestra and Latora, Vito and Barthelemy, Marc},
  journal={Physical review letters},
  volume={111},
  number={5},
  pages={058701},
  year={2013},
  publisher={APS}
}

@article{hiveplots,
author = {Krzywinski, Martin and Birol, Inanc and Jones, Steven JM and Marra, Marco A},
title = {Hive plotsâ€”rational approach to visualizing networks},
journal = {Briefings in Bioinformatics},
volume = {13},
number = {5},
pages = {627-644},
year = {2012},
doi = {10.1093/bib/bbr069},
URL = { + http://dx.doi.org/10.1093/bib/bbr069},
eprint = {/oup/backfile/content_public/journal/bib/13/5/10.1093/bib/bbr069/2/bbr069.pdf}
}


@article{bach2017towards,
  title={Towards unambiguous edge bundling: Investigating confluent drawings for network visualization},
  author={Bach, Benjamin and Riche, Nathalie Henry and Hurter, Christophe and Marriott, Kim and Dwyer, Tim},
  journal={IEEE transactions on visualization and computer graphics},
  volume={23},
  number={1},
  pages={541--550},
  year={2017},
  publisher={IEEE}
}

@article{pilosof2017multilayer,
  title={The multilayer nature of ecological networks},
  author={Pilosof, Shai and Porter, Mason A and Pascual, Mercedes and K{\'e}fi, Sonia},
  journal={Nature Ecology \& Evolution},
  volume={1},
  pages={0101},
  year={2017},
  publisher={Nature Publishing Group}
}


@article{eronen2012biomine,
  title={Biomine: predicting links between biological entities using network models of heterogeneous databases},
  author={Eronen, Lauri and Toivonen, Hannu},
  journal={BMC bioinformatics},
  volume={13},
  number={1},
  pages={119},
  year={2012},
  publisher={BioMed Central}
}

@article{wang2002complex,
  title={Complex networks: topology, dynamics and synchronization},
  author={Wang, Xiao Fan},
  journal={International journal of bifurcation and chaos},
  volume={12},
  number={05},
  pages={885--916},
  year={2002},
  publisher={World Scientific}
}


@techreport{hagberg2008exploring,
  title={Exploring network structure, dynamics, and function using NetworkX},
  author={Hagberg, Aric and Swart, Pieter and S Chult, Daniel},
  year={2008},
  institution={Los Alamos National Laboratory (LANL)}
}

@article{pavlopoulos2008arena3d,
  title={Arena3D: visualization of biological networks in 3D},
  author={Pavlopoulos, Georgios A and O'Donoghue, Se{\'a}n I and Satagopam, Venkata P and Soldatos, Theodoros G and Pafilis, Evangelos and Schneider, Reinhard},
  journal={BMC systems biology},
  volume={2},
  number={1},
  pages={104},
  year={2008},
  publisher={BioMed Central}
}

@article{csardi2006igraph,
  title={The igraph software package for complex network research},
  author={Csardi, Gabor and Nepusz, Tamas},
  journal={InterJournal, Complex Systems},
  volume={1695},
  number={5},
  pages={1--9},
  year={2006}
}


@article{brandes2004analysis,
  title={Analysis and visualization of social networks},
  author={Brandes, Ulrik and Wagner, Dorothea},
  journal={Graph drawing software},
  pages={321--340},
  year={2004},
  publisher={Springer}
}

@inproceedings{lokuge1995geospace,
  title={Geospace: An interactive visualization system for exploring complex information spaces},
  author={Lokuge, Ishantha and Ishizaki, Suguru},
  booktitle={Proceedings of the SIGCHI conference on Human factors in computing systems},
  pages={409--414},
  year={1995},
  organization={ACM Press/Addison-Wesley Publishing Co.}
}
